
@article{Cambria:2014ck,
author = {Cambria, E and White, B},
title = {{Jumping NLP curves: a review of natural language processing research [review article]}},
journal = {Computational Intelligence Magazine},
year = {2014},
volume = {9},
number = {2},
pages = {48--57}
}

@article{Breiman:2001wf,
author = {Breiman, L},
title = {{Random forests}},
journal = {Machine learning},
year = {2001},
volume = {45},
number = {1},
pages = {5--32}
}

@article{Grabmeier:2007da,
author = {Grabmeier, Johannes L and Lambe, Larry A},
title = {{Decision trees for binary classification variables grow equally with the Gini impurity measure and Pearson's chi-square test}},
journal = {International Journal of Business Intelligence and Data Mining},
year = {2007},
volume = {2},
number = {2},
pages = {213}
}

@book{Wolpert:1997ci,
author = {Wolpert, D},
title = {{No free lunch theorem for optimization}},
publisher = {IEEE Transactions on Evolutionary Computation},
year = {1997},
volume = {1},
pages = {467--482}
}

@article{Bello:1992wy,
author = {Bello, M G},
title = {{Enhanced training algorithms, and integrated training/architecture selection for multilayer perceptron networks}},
journal = {IEEE Transactions on Neural Networks},
year = {1992},
volume = {3},
number = {6},
pages = {864--875}
}

@article{Anderson:1991uh,
author = {Anderson, A H and Bader, M and Bard, E G and Boyle, E},
title = {{The HCRC map task corpus}},
journal = {Language and Speech},
year = {1991},
volume = {34},
number = {4},
pages = {351--366}
}

